@techreport{Kleene_1951,
  author = {Stephen C. Kleene},
  title = {Representation of events in nerve nets and finite automata},
  institution = {RAND Corporation},
  address = {Santa Monica, CA},
  year = {1951}
}


@incollection{Rahmann2006,
  doi = {10.1007/11780441_15},
  url = {https://doi.org/10.1007/11780441_15},
  year = {2006},
  publisher = {Springer Berlin Heidelberg},
  pages = {153--164},
  author = {Sven Rahmann},
  title = {Subsequence Combinatorics and Applications to Microarray Production,  {DNA} Sequencing and Chaining Algorithms},
  booktitle = {Combinatorial Pattern Matching}
}

@incollection{Liu2012,
  doi = {10.1007/978-3-642-31284-7_22},
  url = {https://doi.org/10.1007/978-3-642-31284-7_22},
  year = {2012},
  publisher = {Springer Berlin Heidelberg},
  pages = {363--380},
  author = {Tingwen Liu and Yong Sun and Alex X. Liu and Li Guo and Binxing Fang},
  title = {A Prefiltering Approach to Regular Expression Matching for Network Security Systems},
  booktitle = {Applied Cryptography and Network Security}
}

@article{Liu2019,
  doi = {10.1109/tnet.2019.2941920},
  url = {https://doi.org/10.1109/tnet.2019.2941920},
  year = {2019},
  month = dec,
  publisher = {Institute of Electrical and Electronics Engineers ({IEEE})},
  volume = {27},
  number = {6},
  pages = {2179--2191},
  author = {Alex X. Liu and Eric Norige},
  title = {A De-Compositional Approach to Regular Expression Matching for Network Security},
  journal = {{IEEE}/{ACM} Transactions on Networking}
}

@article{ellul2005regular,
  title={Regular expressions: New results and open problems},
  author={Ellul, Keith and Krawetz, Bryan and Shallit, Jeffrey and Wang, Ming-Wei},
  journal={J. Autom. Lang. Comb.},
  volume={10},
  number={4},
  pages={407--437},
  year={2005}
}

@article{Hopcroft2001,
  doi = {10.1145/568438.568455},
  url = {https://doi.org/10.1145/568438.568455},
  year = {2001},
  month = mar,
  publisher = {Association for Computing Machinery ({ACM})},
  volume = {32},
  number = {1},
  pages = {60--65},
  author = {John E. Hopcroft and Rajeev Motwani and Jeffrey D. Ullman},
  title = {Introduction to automata theory,  languages,  and computation,  2nd edition},
  journal = {{ACM} {SIGACT} News}
}

@article{DBLP:journals/vldb/GiatrakosAADG20,
	author    = {Nikos Giatrakos and
	Elias Alevizos and
	Alexander Artikis and
	Antonios Deligiannakis and
	Minos N. Garofalakis},
	title     = {Complex event recognition in the Big Data era: a survey},
	journal   = {{VLDB} J.},
	volume    = {29},
	number    = {1},
	pages     = {313--352},
	year      = {2020},
	url       = {https://doi.org/10.1007/s00778-019-00557-w},
	doi       = {10.1007/s00778-019-00557-w},
	timestamp = {Mon, 26 Oct 2020 08:40:21 +0100},
	biburl    = {https://dblp.org/rec/journals/vldb/GiatrakosAADG20.bib},
	bibsource = {dblp computer science bibliography, https://dblp.org}
}

@article{Chen2011,
  doi = {10.1109/surv.2011.072210.00075},
  url = {https://doi.org/10.1109/surv.2011.072210.00075},
  year = {2011},
  publisher = {Institute of Electrical and Electronics Engineers ({IEEE})},
  volume = {13},
  number = {4},
  pages = {541--561},
  author = {Hao Chen and Yu Chen and Douglas H. Summerville},
  title = {A Survey on the Application of {FPGAs} for Network Infrastructure Security},
  journal = {{IEEE} Communications Surveys {\&} Tutorials}
}

@inproceedings{Kumar2006,
  doi = {10.1145/1159913.1159952},
  url = {https://doi.org/10.1145/1159913.1159952},
  year = {2006},
  month = aug,
  publisher = {{ACM}},
  author = {Sailesh Kumar and Sarang Dharmapurikar and Fang Yu and Patrick Crowley and Jonathan Turner},
  title = {Algorithms to accelerate multiple regular expressions matching for deep packet inspection},
  booktitle = {Proceedings of the 2006 conference on Applications,  technologies,  architectures,  and protocols for computer communications}
}

@inproceedings{Kumar2007,
  doi = {10.1145/1323548.1323574},
  url = {https://doi.org/10.1145/1323548.1323574},
  year = {2007},
  month = dec,
  publisher = {{ACM}},
  author = {Sailesh Kumar and Balakrishnan Chandrasekaran and Jonathan Turner and George Varghese},
  title = {Curing regular expressions matching algorithms from insomnia,  amnesia,  and acalculia},
  booktitle = {Proceedings of the 3rd {ACM}/{IEEE} Symposium on Architecture for networking and communications systems}
}

@inproceedings{snyder2015no,
  title={No Please, After You: Detecting Fraud in Affiliate Marketing Networks.},
  author={Snyder, Peter and Kanich, Chris},
  booktitle={WEIS},
  year={2015}
}





@article{DBLP:journals/toit/MutschlerP14,
	author       = {Christopher Mutschler and
	Michael Philippsen},
	title        = {Adaptive Speculative Processing of Out-of-Order Event
	Streams},
	journal      = {{ACM} Trans. Internet Techn.},
	volume       = {14},
	number       = {1},
	pages        = {4:1--4:24},
	year         = {2014},
	url          = {https://doi.org/10.1145/2633686},
	doi          = {10.1145/2633686},
	timestamp    = {Mon, 26 Oct 2020 09:03:48 +0100},
	biburl       = {https://dblp.org/rec/journals/toit/MutschlerP14.bib},
	bibsource    = {dblp computer science bibliography, https://dblp.org}
}


@article{DBLP:journals/tosn/WeissJZ20,
	author       = {Wolfgang Weiss and
	V{\'{\i}}ctor Juan Exp{\'{o}}sito Jim{\'{e}}nez and
	Herwig Zeiner},
	title        = {Dynamic Buffer Sizing for Out-of-order Event
	Compensation for Time-sensitive
	Applications},
	journal      = {{ACM} Trans. Sens. Networks},
	volume       = {17},
	number       = {1},
	pages        = {1:1--1:23},
	year         = {2020},
	url          = {https://doi.org/10.1145/3410403},
	doi          = {10.1145/3410403},
	timestamp    = {Sat, 08 Jan 2022 02:23:48 +0100},
	biburl       = {https://dblp.org/rec/journals/tosn/WeissJZ20.bib},
	bibsource    = {dblp computer science bibliography, https://dblp.org}
}



@inproceedings{DBLP:conf/sigmod/KolchinskyS19,
  author    = {Ilya Kolchinsky and
               Assaf Schuster},
  editor    = {Peter A. Boncz and
               Stefan Manegold and
               Anastasia Ailamaki and
               Amol Deshpande and
               Tim Kraska},
  title     = {Real-Time Multi-Pattern Detection over Event Streams},
  booktitle = {Proceedings of the 2019 International Conference on Management of
               Data, {SIGMOD} Conference 2019, Amsterdam, The Netherlands, June 30
               - July 5, 2019},
  pages     = {589--606},
  publisher = {{ACM}},
  year      = {2019},
  url       = {https://doi.org/10.1145/3299869.3319869},
  doi       = {10.1145/3299869.3319869},
  timestamp = {Sat, 22 Jun 2019 17:10:04 +0200},
  biburl    = {https://dblp.org/rec/conf/sigmod/KolchinskyS19.bib},
  bibsource = {dblp computer science bibliography, https://dblp.org}
}

@inproceedings{Backurs2016,
  title = {Which Regular Expression Patterns Are Hard to Match?},
  url = {http://dx.doi.org/10.1109/FOCS.2016.56},
  DOI = {10.1109/focs.2016.56},
  booktitle = {2016 IEEE 57th Annual Symposium on Foundations of Computer Science (FOCS)},
  publisher = {IEEE},
  author = {Backurs,  Arturs and Indyk,  Piotr},
  year = {2016},
  month = oct,
  pages = {457–466}
}

@inproceedings{Johnson2007,
  doi = {10.1109/icde.2007.369001},
  url = {https://doi.org/10.1109/icde.2007.369001},
  year = {2007},
  publisher = {{IEEE}},
  author = {Theodore Johnson and S. Muthukrishnan and Irina Rozenbaum},
  title = {Monitoring Regular Expressions on Out-of-Order Streams},
  booktitle = {2007 {IEEE} 23rd International Conference on Data Engineering}
}

@article{Zaki2013,
  doi = {10.2139/ssrn.2353834},
  url = {https://doi.org/10.2139/ssrn.2353834},
  year = {2013},
  publisher = {Elsevier {BV}},
  author = {Mohamed Zaki and Babis Theodoulidis},
  title = {Analyzing Financial Fraud Cases Using a Linguistics-Based Text Mining Approach},
  journal = {{SSRN} Electronic Journal}
}

@article{DBLP:journals/siamam/GareyJ77,
	author    = {M. R. Garey and
	David S. Johnson},
	title     = {The Rectilinear Steiner Tree Problem in {NP} Complete},
	journal   = {{SIAM} Journal of Applied Mathematics},
	volume    = {32},
	pages     = {826--834},
	year      = {1977},
	timestamp = {Thu, 03 Jan 2002 12:26:19 +0100},
	biburl    = {https://dblp.org/rec/journals/siamam/GareyJ77.bib},
	bibsource = {dblp computer science bibliography, https://dblp.org}
}


@misc{technicalReport,
	author = {{Anonymized Author(s)}},
	title = {{SuSe: Summary Selection for Regular Expression
Subsequence Aggregation over Streams}},
	year      = {2024},
	howpublished = {\url{https://anonymous.4open.science/r/SuSe-8F12/}},
}

@misc{NASDAQ,
  author = {NASDAQ Data Link},
  year = {2023},
  url = {https://data.nasdaq.com/},
  note = {Accessed: 2023-10-15}
}


@misc{Apache_Flink_2021,
  author = {Apache Software Foundation},
  title = {Apache Flink},
  year = {2021},
  url = {https://nightlies.apache.org/flink/flink-docs-release-1.14/},
  note = {Accessed on 2023-10-15}
}


@misc{PCRE2_2022,
  author = {PCRE2 – Perl-Compatible Regular Expressions},
  year = {2022},
  url = {https://github.com/PCRE2Project/pcre2},
  note = {Accessed on 2023-10-15}
}

@misc{PCREgrep_2014,
  author = {PCREgrep – A grep program that uses the PCRE regular expression library},
  year = {2014},
  url = {https://github.com/vmg/pcre/blob/master/pcregrep.c/},
  note = {Accessed on 2023-10-15}
}

@misc{RE2_2022,
  author = {RE2 regular expression library},
  year = {2022},
  url = {https://github.com/google/re2},
  note = {Accessed on 2023-10-15}
}

@misc{Oniguruma_2022,
  author = {Oniguruma – a modern and flexible regular expressions library},
  year = {2022},
  url = {https://github.com/kkos/oniguruma},
  note = {Accessed on 2023-10-15}
}

@misc{Boost_Regex_2022,
  author = {Boost Regex Library},
  year = {2022},
  url = {https://github.com/boostorg/regex},
  note = {Accessed on 2023-10-15}
}

@misc{TRE_2021,
  title = {TRE – a Lightweight, Robust, and Efficient POSIX Compliant Regexp Matching Library},
  year = {2021},
  url = {https://github.com/laurikari/tre},
  note = {Accessed on 2023-10-15}
}



@misc{cs/0301034,
Author = {Ronald I. Greenberg},
Title = {Computing the Number of Longest Common Subsequences},
Year = {2003},
Eprint = {arXiv:cs/0301034},
}


@Misc{clusterdata:Wilkes2020,
  author = {John Wilkes},
  title = {Yet more {Google} compute cluster trace data},
  howpublished = {Google research blog},
  month = Apr,
  year = 2020,
  address = {Mountain View, CA, USA},
  note = {Posted at
  \url{https://ai.googleblog.com/2020/04/yet-more-google-compute-cluster-trace.html}.},
}

@Misc{citiBike,
  author = {citi Bike},
	year      = {2022},
  howpublished =
  {\url{http://www.citibikenyc.com/system-data}.},
}

@inproceedings{DBLP:conf/sigmod/ZhangDI14,
	author    = {Haopeng Zhang and
	Yanlei Diao and
	Neil Immerman},
	editor    = {Curtis E. Dyreson and
	Feifei Li and
	M. Tamer {\"{O}}zsu},
	title     = {On complexity and optimization of expensive queries in complex
	event
	processing},
	booktitle = {International Conference on Management of Data, {SIGMOD} 2014,
	Snowbird,
	UT, USA, June 22-27, 2014},
	pages     = {217--228},
	publisher = {{ACM}},
	year      = {2014},
	url       = {https://doi.org/10.1145/2588555.2593671},
	doi       = {10.1145/2588555.2593671},
	timestamp = {Thu, 18 Apr 2019 18:05:39 +0200},
	biburl    = {https://dblp.org/rec/conf/sigmod/ZhangDI14.bib},
	bibsource = {dblp computer science bibliography, https://dblp.org}
}



@inproceedings{DBLP:conf/sigmod/MeiM09,
	author    = {Yuan Mei and
	Samuel Madden},
	editor    = {Ugur {\c{C}}etintemel and
	Stanley B. Zdonik and
	Donald Kossmann and
	Nesime Tatbul},
	title     = {ZStream: a cost-based query processor for adaptively detecting
	composite
	events},
	booktitle = {Proceedings of the {ACM} {SIGMOD} International Conference on
	Management
	of Data, {SIGMOD} 2009, Providence, Rhode Island, USA, June 29 - July
	2, 2009},
	pages     = {193--206},
	publisher = {{ACM}},
	year      = {2009},
	url       = {https://doi.org/10.1145/1559845.1559867},
	doi       = {10.1145/1559845.1559867},
	timestamp = {Thu, 11 Mar 2021 15:20:15 +0100},
	biburl    = {https://dblp.org/rec/conf/sigmod/MeiM09.bib},
	bibsource = {dblp computer science bibliography, https://dblp.org}
}



@inproceedings{DBLP:conf/sigmod/AgrawalDGI08,
	author    = {Jagrati Agrawal and
	Yanlei Diao and
	Daniel Gyllstrom and
	Neil Immerman},
	editor    = {Jason Tsong{-}Li Wang},
	title     = {Efficient pattern matching over event streams},
	booktitle = {Proceedings of the {ACM} {SIGMOD} International Conference on
	Management
	of Data, {SIGMOD} 2008, Vancouver, BC, Canada, June 10-12, 2008},
	pages     = {147--160},
	publisher = {{ACM}},
	year      = {2008},
	url       = {https://doi.org/10.1145/1376616.1376634},
	doi       = {10.1145/1376616.1376634},
	timestamp = {Tue, 06 Nov 2018 11:07:38 +0100},
	biburl    = {https://dblp.org/rec/conf/sigmod/AgrawalDGI08.bib},
	bibsource = {dblp computer science bibliography, https://dblp.org}
}




@inproceedings{DBLP:conf/debs/ArtikisMUVW17,
	author    = {Alexander Artikis and
	Alessandro Margara and
	Mart{\'{\i}}n Ugarte and
	Stijn Vansummeren and
	Matthias Weidlich},
	title     = {Complex Event Recognition Languages: Tutorial},
	booktitle = {Proceedings of the 11th {ACM} International Conference on
	Distributed
	and Event-based Systems, {DEBS} 2017, Barcelona, Spain, June 19-23,
	2017},
	pages     = {7--10},
	publisher = {{ACM}},
	year      = {2017},
	url       = {https://doi.org/10.1145/3093742.3095106},
	doi       = {10.1145/3093742.3095106},
	timestamp = {Tue, 06 Nov 2018 11:07:34 +0100},
	biburl    = {https://dblp.org/rec/conf/debs/ArtikisMUVW17.bib},
	bibsource = {dblp computer science bibliography, https://dblp.org}
}





@inproceedings{DBLP:conf/icde/ZhaoHW20,
  author    = {Bo Zhao and
               Nguyen Quoc Viet Hung and
               Matthias Weidlich},
  title     = {Load Shedding for Complex Event Processing: Input-based and State-based
               Techniques},
  booktitle = {36th {IEEE} International Conference on Data Engineering, {ICDE} 2020,
               Dallas, TX, USA, April 20-24, 2020},
  pages     = {1093--1104},
  publisher = {{IEEE}},
  year      = {2020},
  url       = {https://doi.org/10.1109/ICDE48307.2020.00099},
  doi       = {10.1109/ICDE48307.2020.00099},
  timestamp = {Sun, 25 Jul 2021 11:50:59 +0200},
  biburl    = {https://dblp.org/rec/conf/icde/ZhaoHW20.bib},
  bibsource = {dblp computer science bibliography, https://dblp.org}
}

@inproceedings{DBLP:conf/sigmod/PoppeLMRR21,
  author    = {Olga Poppe and
               Chuan Lei and
               Lei Ma and
               Allison Rozet and
               Elke A. Rundensteiner},
  editor    = {Guoliang Li and
               Zhanhuai Li and
               Stratos Idreos and
               Divesh Srivastava},
  title     = {To Share, or not to Share Online Event Trend Aggregation Over Bursty
               Event Streams},
  booktitle = {{SIGMOD} '21: International Conference on Management of Data, Virtual
               Event, China, June 20-25, 2021},
  pages     = {1452--1464},
  publisher = {{ACM}},
  year      = {2021},
  url       = {https://doi.org/10.1145/3448016.3452785},
  doi       = {10.1145/3448016.3452785},
  timestamp = {Thu, 14 Oct 2021 10:11:40 +0200},
  biburl    = {https://dblp.org/rec/conf/sigmod/PoppeLMRR21.bib},
  bibsource = {dblp computer science bibliography, https://dblp.org}
}
@article{DBLP:journals/pvldb/ChapnikKS21,
  author    = {Koral Chapnik and
               Ilya Kolchinsky and
               Assaf Schuster},
  title     = {{DARLING:} Data-Aware Load Shedding in Complex Event Processing Systems},
  journal   = {Proc. {VLDB} Endow.},
  volume    = {15},
  number    = {3},
  pages     = {541--554},
  year      = {2021},
  url       = {http://www.vldb.org/pvldb/vol15/p541-chapnik.pdf},
  timestamp = {Mon, 14 Feb 2022 17:12:43 +0100},
  biburl    = {https://dblp.org/rec/journals/pvldb/ChapnikKS21.bib},
  bibsource = {dblp computer science bibliography, https://dblp.org}
}


@inproceedings{DBLP:conf/sigmod/Wu2006,
  doi = {10.1145/1142473.1142520},
  url = {https://doi.org/10.1145/1142473.1142520},
  year = {2006},
  month = jun,
  publisher = {{ACM}},
  author = {Eugene Wu and Yanlei Diao and Shariq Rizvi},
  title = {High-performance complex event processing over streams},
  booktitle = {Proceedings of the 2006 {ACM} {SIGMOD} international conference on Management of data}
}

@inproceedings{DBLP:conf/sigmod/Poppe2019,
  doi = {10.1145/3299869.3319862},
  url = {https://doi.org/10.1145/3299869.3319862},
  year = {2019},
  month = jun,
  publisher = {{ACM}},
  author = {Olga Poppe and Chuan Lei and Elke A. Rundensteiner and David Maier},
  title = {Event Trend Aggregation Under Rich Event Matching Semantics},
  booktitle = {Proceedings of the 2019 International Conference on Management of Data}
}

@inproceedings{DBLP:conf/sigmod/Rozet2020,
  doi = {10.1145/3340531.3412138},
  url = {https://doi.org/10.1145/3340531.3412138},
  year = {2020},
  month = oct,
  publisher = {{ACM}},
  author = {Allison Rozet and Olga Poppe and Chuan Lei and Elke A. Rundensteiner},
  title = {Muse: Multi-query Event Trend Aggregation},
  booktitle = {Proceedings of the 29th {ACM} International Conference on
  Information {\&}amp Knowledge Management}
}

@inproceedings{DBLP:conf/sigmod/Ma2022,
  doi = {10.1145/3514221.3526145},
  url = {https://doi.org/10.1145/3514221.3526145},
  year = {2022},
  month = jun,
  publisher = {{ACM}},
  author = {Lei Ma and Chuan Lei and Olga Poppe and Elke A. Rundensteiner},
  title = {Gloria: Graph-based Sharing Optimizer for Event Trend Aggregation},
  booktitle = {Proceedings of the 2022 International Conference on Management of Data}
}

@inproceedings{day_et_al:LIPIcs.ISAAC.2022.64,
  author =	{Day, Joel D. and Kosche, Maria and Manea, Florin and Schmid, Markus L.},
  title =	{{Subsequences with Gap Constraints: Complexity Bounds for Matching and Analysis Problems}},
  booktitle =	{33rd International Symposium on Algorithms and Computation (ISAAC 2022)},
  pages =	{64:1--64:18},
  series =	{LIPIcs},
  ISBN =	{978-3-95977-258-7},
  ISSN =	{1868-8969},
  year =	{2022},
  volume =	{248},
  editor =	{Bae, Sang Won and Park, Heejin},
  publisher =	{Schloss Dagstuhl -- Leibniz-Zentrum f{\"u}r Informatik},
  address =	{Dagstuhl, Germany},
  URL =		{https://drops.dagstuhl.de/opus/volltexte/2022/17349},
  URN =		{urn:nbn:de:0030-drops-173493},
  doi =		{10.4230/LIPIcs.ISAAC.2022.64},
  annote =	{Keywords: String algorithms, subsequences with gap constraints, pattern matching, fine-grained complexity, conditional lower bounds, parameterised complexity}
}

@inproceedings{DBLP:conf/icdt/Kleest-Meissner22,
  author       = {Sarah Kleest{-}Mei{\ss}ner and
                  Rebecca Sattler and
                  Markus L. Schmid and
                  Nicole Schweikardt and
                  Matthias Weidlich},
  editor       = {Dan Olteanu and
                  Nils Vortmeier},
  title        = {Discovering Event Queries from Traces: Laying Foundations for Subsequence-Queries
                  with Wildcards and Gap-Size Constraints},
  booktitle    = {25th International Conference on Database Theory, {ICDT}
  2022},
  series       = {LIPIcs},
  volume       = {220},
  pages        = {18:1--18:21},
  publisher    = {Schloss Dagstuhl},
  year         = {2022},
  url          = {https://doi.org/10.4230/LIPIcs.ICDT.2022.18},
  doi          = {10.4230/LIPIcs.ICDT.2022.18},
  timestamp    = {Fri, 26 May 2023 07:40:33 +0200},
  biburl       = {https://dblp.org/rec/conf/icdt/Kleest-Meissner22.bib},
  bibsource    = {dblp computer science bibliography, https://dblp.org}
}



@inproceedings{DBLP:conf/btw/Kleest-Meissner23,
  author       = {Sarah Kleest{-}Mei{\ss}ner and
                  Rebecca Sattler and
                  Markus L. Schmid and
                  Nicole Schweikardt and
                  Matthias Weidlich},
  editor       = {Birgitta K{\"{o}}nig{-}Ries and
                  Stefanie Scherzinger and
                  Wolfgang Lehner and
                  Gottfried Vossen},
  title        = {Discovering Multi-Dimensional Subsequence Queries from Traces - From
                  Theory to Practice},
  booktitle    = {Datenbanksysteme f{\"{u}}r Business, Technologie und Web {(BTW}
                  2023),
                  Proceedings},
  series       = {{LNI}},
  volume       = {{P-331}},
  pages        = {511--533},
  publisher    = {GI e.V.},
  year         = {2023},
  url          = {https://doi.org/10.18420/BTW2023-24},
  doi          = {10.18420/BTW2023-24},
  timestamp    = {Tue, 04 Jul 2023 17:43:13 +0200},
  biburl       = {https://dblp.org/rec/conf/btw/Kleest-Meissner23.bib},
  bibsource    = {dblp computer science bibliography, https://dblp.org}
}



@inproceedings{Slo2020,
  doi = {10.1145/3401025.3401742},
  url = {https://doi.org/10.1145/3401025.3401742},
  year = {2020},
  month = jul,
  publisher = {{ACM}},
  author = {Ahmad Slo and Sukanya Bhowmik and Kurt Rothermel},
  title = {hSPICE: state-aware event shedding in complex event processing},
  booktitle = {Proceedings of the 14th {ACM} International Conference on Distributed and Event-based Systems}
}

@article{Thompson1968,
  doi = {10.1145/363347.363387},
  url = {https://doi.org/10.1145/363347.363387},
  year = {1968},
  month = jun,
  publisher = {Association for Computing Machinery ({ACM})},
  volume = {11},
  number = {6},
  pages = {419--422},
  author = {Ken Thompson},
  title = {Programming Techniques: Regular expression search algorithm},
  journal = {Communications of the {ACM}}
}

@article{Maier1978,
  doi = {10.1145/322063.322075},
  url = {https://doi.org/10.1145/322063.322075},
  year = {1978},
  month = apr,
  publisher = {Association for Computing Machinery ({ACM})},
  volume = {25},
  number = {2},
  pages = {322--336},
  author = {David Maier},
  title = {The Complexity of Some Problems on Subsequences and Supersequences},
  journal = {Journal of the {ACM}}
}


@article{Poppe2017,
  doi = {10.14778/3151113.3151120},
  url = {https://doi.org/10.14778/3151113.3151120},
  year = {2017},
  month = sep,
  publisher = {Association for Computing Machinery ({ACM})},
  volume = {11},
  number = {1},
  pages = {80--92},
  author = {Olga Poppe and Chuan Lei and Elke A. Rundensteiner and David Maier},
  title = {GRETA: graph-based real-time event trend aggregation},
  journal = {Proceedings of the {VLDB} Endowment}
}

@inproceedings{Amir2022,
  doi = {10.1145/3514221.3526136},
  url = {https://doi.org/10.1145/3514221.3526136},
  year = {2022},
  month = jun,
  publisher = {{ACM}},
  author = {Adar Amir and Ilya Kolchinsky and Assaf Schuster},
  title = {{DLACEP}: A Deep-Learning Based Framework for Approximate Complex Event Processing},
  booktitle = {Proceedings of the 2022 International Conference on Management of Data}
}


@article{BaezaYates1991,
  doi = {10.1016/0304-3975(91)90358-9},
  url = {https://doi.org/10.1016/0304-3975(91)90358-9},
  year = {1991},
  publisher = {Elsevier {BV}},
  volume = {78},
  number = {2},
  pages = {363--376},
  author = {Ricardo A. Baeza-Yates},
  title = {Searching subsequences},
  journal = {Theoretical Computer Science}
}

@article{Elzinga2008,
  doi = {10.1016/j.tcs.2008.08.035},
  url = {https://doi.org/10.1016/j.tcs.2008.08.035},
  year = {2008},
  month = dec,
  publisher = {Elsevier {BV}},
  volume = {409},
  number = {3},
  pages = {394--404},
  author = {Cees Elzinga and Sven Rahmann and Hui Wang},
  title = {Algorithms for subsequence combinatorics},
  journal = {Theoretical Computer Science}
}

@article{Bucchi2022,
  doi = {10.14778/3538598.3538615},
  url = {https://doi.org/10.14778/3538598.3538615},
  year = {2022},
  month = may,
  publisher = {Association for Computing Machinery ({ACM})},
  volume = {15},
  number = {9},
  pages = {1951--1964},
  author = {Marco Bucchi and Alejandro Grez and Andr{\'{e}}s Quintana and Cristian Riveros and Stijn Vansummeren},
  title = {CORE: a complex event recognition engine},
  journal = {Proceedings of the {VLDB} Endowment}
}

@article{Riveros2023,
  doi = {10.14778/3611479.3611488},
  url = {https://doi.org/10.14778/3611479.3611488},
  year = {2023},
  month = jul,
  publisher = {Association for Computing Machinery ({ACM})},
  volume = {16},
  number = {11},
  pages = {2792--2804},
  author = {Cristian Riveros and Nicol{\'{a}}s Van Sint Jan and Domagoj Vrgo{\v{c}}},
  title = {{REmatch}: A Novel Regex Engine for Finding All Matches},
  journal = {Proceedings of the {VLDB} Endowment}
}

@incollection{Dudek2022,
  doi = {10.1137/1.9781611977073.30},
  url = {https://doi.org/10.1137/1.9781611977073.30},
  year = {2022},
  month = jan,
  publisher = {Society for Industrial and Applied Mathematics},
  pages = {670--694},
  author = {Bart{\l}omiej Dudek and Pawe{\l} Gawrychowski and Garance Gourdel and Tatiana Starikovskaya},
  title = {Streaming Regular Expression Membership and Pattern Matching},
  booktitle = {Proceedings of the 2022 Annual {ACM}-{SIAM} Symposium on Discrete Algorithms ({SODA})}
}



@book{DBLP:books/daglib/0016809,
  author       = {Jeffrey E. F. Friedl},
  title        = {Mastering regular expressions - understand your data and be more productive:
                  for Perl, PHP, Java, .NET, Ruby, and more {(3.} ed.)},
  publisher    = {O'Reilly},
  year         = {2006},
  url          = {http://www.oreilly.de/catalog/regex3/index.html},
  isbn         = {978-0-596-52812-6},
  timestamp    = {Wed, 25 Jan 2023 16:59:38 +0100},
  biburl       = {https://dblp.org/rec/books/daglib/0016809.bib},
  bibsource    = {dblp computer science bibliography, https://dblp.org}
}

@article{DBLP:journals/tocl/GeladeN12,
  author       = {Wouter Gelade and
                  Frank Neven},
  title        = {Succinctness of the Complement and Intersection of Regular Expressions},
  journal      = {{ACM} Trans. Comput. Log.},
  volume       = {13},
  number       = {1},
  pages        = {4:1--4:19},
  year         = {2012},
  url          = {https://doi.org/10.1145/2071368.2071372},
  doi          = {10.1145/2071368.2071372},
  timestamp    = {Sun, 25 Jul 2021 11:42:42 +0200},
  biburl       = {https://dblp.org/rec/journals/tocl/GeladeN12.bib},
  bibsource    = {dblp computer science bibliography, https://dblp.org}
}


@incollection{DBLP:books/el/leeuwen90/Aho90,
  author       = {Alfred V. Aho},
  title        = {Algorithms for Finding Patterns in Strings},
  booktitle    = {Handbook of Theoretical Computer Science, Volume {A:} Algorithms and
                  Complexity},
  pages        = {255--300},
  year         = {1990},
  timestamp    = {Sat, 03 Aug 2019 19:26:43 +0200},
  biburl       = {https://dblp.org/rec/books/el/leeuwen90/Aho90.bib},
  bibsource    = {dblp computer science bibliography, https://dblp.org}
}


@article{DBLP:journals/siamcomp/GeladeGM12,
  author       = {Wouter Gelade and
                  Marc Gyssens and
                  Wim Martens},
  title        = {Regular Expressions with Counting: Weak versus Strong Determinism},
  journal      = {{SIAM} J. Comput.},
  volume       = {41},
  number       = {1},
  pages        = {160--190},
  year         = {2012},
  url          = {https://doi.org/10.1137/100814196},
  doi          = {10.1137/100814196},
  timestamp    = {Sat, 09 Apr 2022 12:31:09 +0200},
  biburl       = {https://dblp.org/rec/journals/siamcomp/GeladeGM12.bib},
  bibsource    = {dblp computer science bibliography, https://dblp.org}
}


@article{DBLP:journals/jcss/GrozM17,
  author       = {Beno{\^{\i}}t Groz and
                  Sebastian Maneth},
  title        = {Efficient testing and matching of deterministic regular expressions},
  journal      = {J. Comput. Syst. Sci.},
  volume       = {89},
  pages        = {372--399},
  year         = {2017},
  url          = {https://doi.org/10.1016/j.jcss.2017.05.013},
  doi          = {10.1016/J.JCSS.2017.05.013},
  timestamp    = {Tue, 15 Aug 2017 15:00:20 +0200},
  biburl       = {https://dblp.org/rec/journals/jcss/GrozM17.bib},
  bibsource    = {dblp computer science bibliography, https://dblp.org}
}


@article{DBLP:journals/jcss/FreydenbergerS19,
  author       = {Dominik D. Freydenberger and
                  Markus L. Schmid},
  title        = {Deterministic regular expressions with back-references},
  journal      = {J. Comput. Syst. Sci.},
  volume       = {105},
  pages        = {1--39},
  year         = {2019},
  url          = {https://doi.org/10.1016/j.jcss.2019.04.001},
  doi          = {10.1016/J.JCSS.2019.04.001},
  timestamp    = {Fri, 12 Jul 2019 15:54:24 +0200},
  biburl       = {https://dblp.org/rec/journals/jcss/FreydenbergerS19.bib},
  bibsource    = {dblp computer science bibliography, https://dblp.org}
}


@article{DBLP:journals/mst/FernauSV16,
  author       = {Henning Fernau and
                  Markus L. Schmid and
                  Yngve Villanger},
  title        = {On the Parameterised Complexity of String Morphism Problems},
  journal      = {Theory Comput. Syst.},
  volume       = {59},
  number       = {1},
  pages        = {24--51},
  year         = {2016},
  url          = {https://doi.org/10.1007/s00224-015-9635-3},
  doi          = {10.1007/S00224-015-9635-3},
  timestamp    = {Tue, 21 Mar 2023 21:14:25 +0100},
  biburl       = {https://dblp.org/rec/journals/mst/FernauSV16.bib},
  bibsource    = {dblp computer science bibliography, https://dblp.org}
}


@inproceedings{DBLP:conf/focs/BackursI16,
  author       = {Arturs Backurs and
                  Piotr Indyk},
  title        = {Which Regular Expression Patterns Are Hard to Match?},
  booktitle    = {{IEEE} 57th Annual Symposium on Foundations of Computer Science, {FOCS}
                  2016, 9-11 October 2016, Hyatt Regency, New Brunswick, New Jersey,
                  {USA}},
  pages        = {457--466},
  year         = {2016},
  url          = {https://doi.org/10.1109/FOCS.2016.56},
  doi          = {10.1109/FOCS.2016.56},
  timestamp    = {Thu, 23 Mar 2023 23:57:52 +0100},
  biburl       = {https://dblp.org/rec/conf/focs/BackursI16.bib},
  bibsource    = {dblp computer science bibliography, https://dblp.org}
} 


@article{Cormode2005,
  title = {An improved data stream summary: the count-min sketch and its applications},
  volume = {55},
  ISSN = {0196-6774},
  url = {http://dx.doi.org/10.1016/j.jalgor.2003.12.001},
  DOI = {10.1016/j.jalgor.2003.12.001},
  number = {1},
  journal = {Journal of Algorithms},
  publisher = {Elsevier BV},
  author = {Cormode,  Graham and Muthukrishnan,  S.},
  year = {2005},
  month = apr,
  pages = {58–75}
}

@inproceedings{Shrivastava2016,
  series = {SIGMOD/PODS’16},
  title = {Time Adaptive Sketches (Ada-Sketches) for Summarizing Data Streams},
  url = {http://dx.doi.org/10.1145/2882903.2882946},
  DOI = {10.1145/2882903.2882946},
  booktitle = {Proceedings of the 2016 International Conference on Management of Data},
  publisher = {ACM},
  author = {Shrivastava,  Anshumali and Konig,  Arnd Christian and Bilenko,  Mikhail},
  year = {2016},
  month = jun,
  pages = {1417–1432},
  collection = {SIGMOD/PODS’16}
}

@article{Bloom1970,
  title = {Space/time trade-offs in hash coding with allowable errors},
  volume = {13},
  ISSN = {1557-7317},
  url = {http://dx.doi.org/10.1145/362686.362692},
  DOI = {10.1145/362686.362692},
  number = {7},
  journal = {Communications of the ACM},
  publisher = {Association for Computing Machinery (ACM)},
  author = {Bloom,  Burton H.},
  year = {1970},
  month = jul,
  pages = {422–426}
}

@article{Cormode_2022, 
  title={Current Trends in Data Summaries}, 
  volume={50}, 
  ISSN={0163-5808}, 
  url={http://dx.doi.org/10.1145/3516431.3516433}, DOI={10.1145/3516431.3516433}, 
  number={4}, 
  journal={ACM SIGMOD Record}, 
  publisher={Association for Computing Machinery (ACM)}, author={Cormode, Graham}, 
  year={2022}, 
  month=jan, 
  pages={6–15} 
}

@inproceedings{Kociumaka_2022, 
  title={Small-space and streaming pattern matching with $k$ edits}, url={http://dx.doi.org/10.1109/FOCS52979.2021.00090}, 
  DOI={10.1109/focs52979.2021.00090}, 
  booktitle={2021 IEEE 62nd Annual Symposium on Foundations of Computer Science (FOCS)}, 
  publisher={IEEE}, 
  author={Kociumaka, Tomasz and Porat, Ely and Starikovskaya, Tatiana}, 
  year={2022}, 
  month=feb, 
  pages={885–896} 
}

@article{Flajolet_2007, 
  title={HyperLogLog: the analysis of a near-optimal cardinality estimation algorithm}, 
  volume={DMTCS Proceedings vol. AH,...}, 
  ISSN={1365-8050}, 
  url={http://dx.doi.org/10.46298/dmtcs.3545}, 
  DOI={10.46298/dmtcs.3545}, 
  number={Proceedings}, journal={Discrete Mathematics \& Theoretical Computer Science}, 
  publisher={Centre pour la Communication Scientifique Directe (CCSD)}, 
  author={Flajolet, Philippe and Fusy, Éric and Gandouet, Olivier and Meunier, Frédéric}, 
  year={2007}, 
  month=jan 
}

@article{Greenwald2001,
  title = {Space-efficient online computation of quantile summaries},
  volume = {30},
  ISSN = {0163-5808},
  url = {http://dx.doi.org/10.1145/376284.375670},
  DOI = {10.1145/376284.375670},
  number = {2},
  journal = {ACM SIGMOD Record},
  publisher = {Association for Computing Machinery (ACM)},
  author = {Greenwald,  Michael and Khanna,  Sanjeev},
  year = {2001},
  month = may,
  pages = {58–66}
}

@inproceedings{Karnin2016,
  title = {Optimal Quantile Approximation in Streams},
  url = {http://dx.doi.org/10.1109/FOCS.2016.17},
  DOI = {10.1109/focs.2016.17},
  booktitle = {2016 IEEE 57th Annual Symposium on Foundations of Computer Science (FOCS)},
  publisher = {IEEE},
  author = {Karnin,  Zohar and Lang,  Kevin and Liberty,  Edo},
  year = {2016},
  month = oct 
}